<record><leader>00000cas a22000007a 4500</leader><controlfield tag="001">8772962</controlfield><controlfield tag="008">820914d18691920aruwr ne      0    0eng  </controlfield><controlfield tag="009">466</controlfield><datafield ind1=" " ind2=" " tag="010"><subfield code="a">sn 82014195 </subfield></datafield><datafield ind1=" " ind2=" " tag="040"><subfield code="a">DLC</subfield><subfield code="b">eng</subfield><subfield code="c">DLC</subfield><subfield code="d">NPX</subfield><subfield code="d">NPU</subfield><subfield code="d">DLC</subfield><subfield code="d">ANU</subfield><subfield code="d">OBN</subfield><subfield code="d">OCLCQ</subfield><subfield code="d">OCLCO</subfield><subfield code="d">OCLCF</subfield></datafield><datafield ind1="1" ind2=" " tag="029"><subfield code="a">AU@</subfield><subfield code="b">000025814303</subfield></datafield><datafield ind1=" " ind2=" " tag="042"><subfield code="a">msc</subfield></datafield><datafield ind1="0" ind2="0" tag="050"><subfield code="a">Newspaper 7087-X</subfield></datafield><datafield ind1="0" ind2=" " tag="130"><subfield code="a">Fayetteville democrat (Fayetteville, Ark. : Weekly : 1869)</subfield></datafield><datafield ind1="0" ind2="0" tag="245"><subfield code="a">Fayetteville democrat.</subfield></datafield><datafield ind1="1" ind2="3" tag="246"><subfield code="a">Weekly democrat</subfield></datafield><datafield ind1=" " ind2=" " tag="260"><subfield code="a">Fayetteville, Washington County, Ark. :</subfield><subfield code="b">E.B. &amp; W.B. Moore</subfield></datafield><datafield ind1=" " ind2=" " tag="300"><subfield code="a">v.</subfield></datafield><datafield ind1=" " ind2=" " tag="310"><subfield code="a">Weekly</subfield></datafield><datafield ind1="0" ind2=" " tag="362"><subfield code="a">Vol. 1, no. 33 (Mar. 20, 1869)-v. 52, no. 35 (Mar. 11, 1920).</subfield></datafield><datafield ind1=" " ind2=" " tag="515"><subfield code="a">Publication suspended between Mar. 1 and Apr. 26, 1873.</subfield></datafield><datafield ind1=" " ind2=" " tag="530"><subfield code="a">Also available on microfilm from the Arkansas History Commission; Bell &amp; Howell, Micro Photo Div.</subfield></datafield><datafield ind1=" " ind2="0" tag="651"><subfield code="a">Fayetteville (Ark.)</subfield><subfield code="v">Newspapers.</subfield></datafield><datafield ind1=" " ind2="0" tag="651"><subfield code="a">Washington County (Ark.)</subfield><subfield code="v">Newspapers.</subfield></datafield><datafield ind1=" " ind2="7" tag="655"><subfield code="a">Newspapers.</subfield><subfield code="2">fast</subfield><subfield code="0">(OCoLC)fst01423814</subfield></datafield><datafield ind1=" " ind2="7" tag="651"><subfield code="a">Arkansas</subfield><subfield code="z">Fayetteville.</subfield><subfield code="2">fast</subfield><subfield code="0">(OCoLC)fst01214641</subfield></datafield><datafield ind1=" " ind2="7" tag="651"><subfield code="a">Arkansas</subfield><subfield code="z">Washington County.</subfield><subfield code="2">fast</subfield><subfield code="0">(OCoLC)fst01214423</subfield></datafield><datafield ind1=" " ind2=" " tag="752"><subfield code="a">United States</subfield><subfield code="b">Arkansas</subfield><subfield code="c">Washington</subfield><subfield code="d">Fayetteville.</subfield></datafield><datafield ind1="0" ind2=" " tag="775"><subfield code="t">Fayetteville daily</subfield><subfield code="w">(DLC)sn 88051008</subfield></datafield><datafield ind1="0" ind2=" " tag="775"><subfield code="t">Fayetteville democrat (Fayetteville, Ark. : Daily)</subfield><subfield code="w">(DLC)sn 88051009</subfield></datafield><datafield ind1="0" ind2="0" tag="780"><subfield code="t">Fayetteville weekly democrat</subfield><subfield code="w">(DLC)sn 88051007</subfield></datafield></record>